<record><leader>00000cas a22000007a 4500</leader><controlfield tag="001">21377789</controlfield><controlfield tag="008">900416d19171953nyudn ne      0    0eng d</controlfield><datafield ind1=" " ind2=" " tag="010"><subfield code="a">sn 90066010 </subfield></datafield><datafield ind1=" " ind2=" " tag="040"><subfield code="a">NYS</subfield><subfield code="b">eng</subfield><subfield code="c">NYS</subfield><subfield code="d">NYG</subfield><subfield code="d">OCLCQ</subfield></datafield><datafield ind1=" " ind2=" " tag="042"><subfield code="a">msc</subfield></datafield><datafield ind1="0" ind2=" " tag="130"><subfield code="a">Evening leader (Corning, N.Y.)</subfield></datafield><datafield ind1="1" ind2="4" tag="245"><subfield code="a">The evening leader.</subfield></datafield><datafield ind1="1" ind2="3" tag="246"><subfield code="a">Evening leader and Corning daily Democrat</subfield></datafield><datafield ind1=" " ind2=" " tag="260"><subfield code="a">Corning, N.Y. :</subfield><subfield code="b">E.S. Underhill,</subfield><subfield code="c">1917-</subfield></datafield><datafield ind1=" " ind2=" " tag="300"><subfield code="a">v. :</subfield><subfield code="b">ill. ;</subfield><subfield code="c">55 cm.</subfield></datafield><datafield ind1=" " ind2=" " tag="310"><subfield code="a">Daily (except Sunday)</subfield></datafield><datafield ind1="0" ind2=" " tag="362"><subfield code="a">Vol. 50, no. 89 (Apr. 14, 1917)-</subfield></datafield><datafield ind1="1" ind2=" " tag="362"><subfield code="a">Ceased with Dec. 31, 1953 issue?</subfield></datafield><datafield ind1=" " ind2="4" tag="651"><subfield code="a">Corning (N.Y.)</subfield><subfield code="v">Newspapers.</subfield></datafield><datafield ind1=" " ind2=" " tag="752"><subfield code="a">United States</subfield><subfield code="b">New York</subfield><subfield code="c">Steuben</subfield><subfield code="d">Corning.</subfield></datafield><datafield ind1="0" ind2="0" tag="780"><subfield code="t">Evening leader and Corning daily Democrat</subfield><subfield code="w">(DLC)sn 84031840</subfield><subfield code="w">(OCoLC)11249515</subfield></datafield><datafield ind1="0" ind2="0" tag="785"><subfield code="t">Corning leader</subfield><subfield code="w">(DLC)sn 92061782</subfield><subfield code="w">(OCoLC)25624202</subfield></datafield><datafield ind1="1" ind2=" " tag="029"><subfield code="a">AU@</subfield><subfield code="b">000020601200</subfield></datafield></record>